@book{Lebrun2011,
author = {Lebrun, Jean-Luc},
title = {Scientific Writing 2.0},
publisher = {WORLD SCIENTIFIC},
year = {2011},
doi = {10.1142/8156},
address = {},
edition   = {},
URL = {https://www.worldscientific.com/doi/abs/10.1142/8156},
eprint = {https://www.worldscientific.com/doi/pdf/10.1142/8156}
}

@MANUAL{Fear2005,
  title =        {Publication quality tables in {\LaTeX}},
  author =       {Simon Fear},
  month =        {April},
  year =         2005,
  note =         {\url{http://www.ctan.org/pkg/booktabs}}
}
